<collection xmlns="http://www.loc.gov/MARC21/slim">
<record>
  <leader>01197nam0a2200265 i 450 </leader>
  <controlfield tag="001">IT\ICCU\CNCE\041819</controlfield>
  <controlfield tag="005">20171121000000.0</controlfield>
  <datafield tag="012" ind1=" " ind2=" ">
    <subfield code="a">erdi haE. arri pumo (C) 1540 (Q)</subfield>
    <subfield code="2">fei</subfield>
  </datafield>
  <datafield tag="100" ind1=" " ind2=" ">
    <subfield code="a">19981110f15401545    0itac0103    ba</subfield>
  </datafield>
  <datafield tag="101" ind1=" " ind2=" ">
    <subfield code="a">ITA</subfield>
  </datafield>
  <datafield tag="102" ind1=" " ind2=" ">
    <subfield code="a">IT</subfield>
  </datafield>
  <datafield tag="200" ind1="1" ind2=" ">
    <subfield code="a">\Philotimo!</subfield>
  </datafield>
  <datafield tag="210" ind1=" " ind2=" ">
    <subfield code="d">\tra il 1540 e il 1545!</subfield>
    <subfield code="e">In Bologna</subfield>
    <subfield code="g">per Bartolomeo Bonardo da Parma et Marco Antonio Groscio da Carpi</subfield>
  </datafield>
  <datafield tag="215" ind1=" " ind2=" ">
    <subfield code="a">\16! c.</subfield>
    <subfield code="d">4ʻ</subfield>
  </datafield>
  <datafield tag="300" ind1=" " ind2=" ">
    <subfield code="a">La data si ricava dall&apos;attivit ̉della societ ̉tipografica</subfield>
  </datafield>
  <datafield tag="620" ind1=" " ind2=" ">
    <subfield code="a">IT</subfield>
    <subfield code="d">Bologna</subfield>
  </datafield>
  <datafield tag="700" ind1=" " ind2="1">
    <subfield code="a">Collenuccio,</subfield>
    <subfield code="b">Pandolfo</subfield>
    <subfield code="3">IT\ICCU\CNCA\003388</subfield>
  </datafield>
  <datafield tag="712" ind1="0" ind2="0">
    <subfield code="a">Bonardo, Bartolomeo &amp; Grossi, Marcantonio</subfield>
    <subfield code="3">IT\ICCU\CNCT\000353</subfield>
    <subfield code="4">650</subfield>
  </datafield>
  <datafield tag="790" ind1=" " ind2="1">
    <subfield code="a">Coldonese,</subfield>
    <subfield code="b">Pandolfo</subfield>
    <subfield code="3">IT\ICCU\CNCA\008267</subfield>
    <subfield code="z">Collenuccio, Pandolfo</subfield>
  </datafield>
  <datafield tag="790" ind1=" " ind2="1">
    <subfield code="a">Collenuccius,</subfield>
    <subfield code="b">Pandulphus : Pisaurensis</subfield>
    <subfield code="3">IT\ICCU\CNCA\013250</subfield>
    <subfield code="z">Collenuccio, Pandolfo</subfield>
  </datafield>
  <datafield tag="790" ind1=" " ind2="1">
    <subfield code="a">Collenutius,</subfield>
    <subfield code="b">Pandolphus</subfield>
    <subfield code="3">IT\ICCU\CNCA\013251</subfield>
    <subfield code="z">Collenuccio, Pandolfo</subfield>
  </datafield>
  <datafield tag="790" ind1=" " ind2="0">
    <subfield code="a">Pandolfo</subfield>
    <subfield code="c"> : da#Pesaro</subfield>
    <subfield code="3">IT\ICCU\CNCA\013252</subfield>
    <subfield code="z">Collenuccio, Pandolfo</subfield>
  </datafield>
  <datafield tag="790" ind1=" " ind2="1">
    <subfield code="a">Collenucius,</subfield>
    <subfield code="b">Pandulphus</subfield>
    <subfield code="3">IT\ICCU\CNCA\013253</subfield>
    <subfield code="z">Collenuccio, Pandolfo</subfield>
  </datafield>
  <datafield tag="801" ind1=" " ind2="3">
    <subfield code="a">IT</subfield>
    <subfield code="b">ICCU</subfield>
    <subfield code="c">20201114</subfield>
  </datafield>
  <datafield tag="899" ind1=" " ind2=" ">
    <subfield code="a">Biblioteca universitaria. Bologna</subfield>
    <subfield code="z">MUTILO</subfield>
    <subfield code="1">BO0098</subfield>
    <subfield code="2">UBO BU</subfield>
  </datafield>
</record>
</collection>
